@online{sphinx,
 author = {Carnegie Mellon University},
 title = {Sphinx},
 year = {2000},
 url = {http://cmusphinx.sourceforge.net/},
}

@article{skeu-software,
  title={Evolutionary growth and control in user tailorable systems},
  author={M{\o}rch, A.I.},
  journal={Adaptive Evolutionary Information Systems, Idea Group Publishing, Hershey, PA},
  pages={30--58},
  year={2003},
  publisher={Citeseer}
}

@online{wiki-mental,
 author = {Wikipedia},
 title = {Mental Model},
 month = aug,
 year = {2012},
 url = {http://en.wikipedia.org/wiki/Mental_model},
}

@online{apple,
 author = {Apple},
 title = {OS X Human Interface Guidelines},
 month = jul,
 year = {2012},
 url = {http://developer.apple.com/library/mac/#documentation/userexperience/conceptual/applehiguidelines/HIPrinciples/HIPrinciples.html},
}

@online{apple-insider,
author = {Mikey Campbell},
 title = {Apple designers reportedly divided over use of skeuomorphic UIs},
 month = sep,
 year = {2012},
 url = {http://appleinsider.com/articles/12/09/11/apple_designers_reportedly_divided_over_use_of_skeuomorphic_uis},
}
