@online{wiki,
 author = {Wikipedia},
 title = {Skeuomorph},
 month = oct,
 year = {2012},
 url = {http://en.wikipedia.org/wiki/Skeuomorph},
}

@article{skeu-software,
  title={Evolutionary growth and control in user tailorable systems},
  author={M{\o}rch, A.I.},
  journal={Adaptive Evolutionary Information Systems, Idea Group Publishing, Hershey, PA},
  pages={30--58},
  year={2003},
  publisher={Citeseer}
}
